@book{carroll,
  title={Spacetime and geometry: An introduction to general relativity},
  author={Carroll, S.M.},
  publisher={Addison Wesley},
  year={2004}
}
@book{cheng,
	title={Relativity, gravitation, and cosmology: a basic introduction},
    author={Cheng, T.P.},
	year = {2010},
	publisher = {Oxford University Press}
}
@article{princeton-gr,
 author = {Mihalis Dafermos},
 journal = {The Princeton companion to mathematics},
 publisher = {Princeton University Press},
 year = {2008},
 title = {General Relativity and the Einstein Equations},
 pages = {483--493},
 isbn = {9780691118802}
 }
@online{history,
 author = {O'Connor, J J and Robertson, E F},
 url = {http://www-history.mcs.st-and.ac.uk/HistTopics/General_relativity.html},
 title = {History of General Relativity},
 urlyear = {14$^{\text{th}}$ Jan 2012}
 }
@book{weber,
  title={General Relativity and gravitational waves},
  author={Weber, J.},
  year={2004},
  publisher={Dover Publications}
}
@book{szekeres,
  title={A course in modern mathematical physics: Groups, Hilbert space and differential geometry},
  author={Szekeres, P.},
  year={2004},
  publisher={Cambridge University Press}
}
@article{ashby,
  title={Introduction to relativistic effects on the Global Positioning System},
  author={Ashby, N. and Spilker, JJ},
  journal={Global Positioning System: Theory and applications.},
  volume={1},
  pages={623--697},
  year={1996}
}
@article{dixon1991introduction,
  title={An introduction to the Global Positioning System and some geological applications},
  author={Dixon, TH},
  journal={Reviews of Geophysics},
  volume={29},
  number={2},
  pages={249--276},
  year={1991},
  url={http://rsmas.miami.edu/personal/geodesy/articles/1991/DixonGpsReview91.pdf}
}
@article{ashby2003relativity,
  title={Relativity in the global positioning system},
  author={Ashby, N.},
  journal={Living Rev. Relativity},
  volume={6},
  number={1},
  year={2003},
  url={http://www.livingreviews.org/lrr-2003-1}
}
@article{lrr-2010-7,
  title    = {Tests of Gravity Using Lunar Laser Ranging},
  author   = {Stephen M. Merkowitz},
  journal  = {Living Reviews in Relativity},
  year     = {2010},
  number   = {7},
  volume   = {13},
  keywords = {General relativity, Tests of relativity},
  url      = {http://www.livingreviews.org/lrr-2010-7}
}
@book{choquet2008general,
  title={General relativity and the Einstein equations},
  author={Choquet-Bruhat, Y.},
  year={2008},
  publisher={Oxford University Press}
}
@article{princeton-gr,
 author = {Mihalis Dafermos},
 journal = {The Princeton companion to mathematics},
 publisher = {Princeton University Press},
 year = {2008},
 title = {General Relativity and the Einstein Equations},
 pages = {483--493},
 isbn = {9780691118802}
 }
@book{particle,
 author = {Perkins, Donald},
 title = {Particle astrophysics},
 publisher = {Oxford University Press},
 year = {2009},
 isbn = {9780199545469}
 }
@book{hartle,
 author = {Hartle, J},
 title = {Gravity : an introduction to Einstein's general relativity},
 publisher = {Addison-Wesley},
 year = {2003},
 isbn = {9780805386622}
 }
@online{history,
 author = {O'Connor, J J and Robertson, E F},
 url = {http://www-history.mcs.st-and.ac.uk/HistTopics/General_relativity.html},
 title = {History of General Relativity},
 urlyear = {14$^{\text{th}}$ Jan 2012}
 }