@book{carroll,
 title = {Spacetime and geometry: An introduction to general relativity},
 author = {Carroll, S.M.},
 publisher = {Addison Wesley},
 year = {2004}
}
@book{cheng,
 title = {Relativity, gravitation, and cosmology: a basic introduction},
 author = {Cheng, T.P.},
 year = {2010},
 publisher = {Oxford University Press}
}
@book{landau,
 title = {The classical theory of fields},
 author = {Landau, L.D. and Lifshitz, E.M.},
 year = {1975},
 publisher = {Butterworth-Heinemann}
}
@book{weber,
 title = {General Relativity and gravitational waves},
 author = {Weber, J.},
 year = {2004},
 publisher = {Dover Publications}
}
@book{szekeres,
 title = {A course in modern mathematical physics: Groups, Hilbert Space and Differential Geometry},
 author = {Szekeres, P.},
 year = {2004},
 publisher = {Cambridge University Press}
}
@article{ashby,
 title = {Introduction to relativistic effects on the Global Positioning System},
 author = {Ashby, N. and Spilker, JJ},
 journal = {Global Positioning System: Theory and applications.},
 volume = {1},
 pages = {623--697},
 year = {1996}
}
@article{ashby-llr,
 title = {Relativity in the global positioning system},
 author = {N. Ashby},
 journal = {Living Rev. Relativity},
 volume = {6},
 number = {1},
 year = {2003},
 url = {http://www.livingreviews.org/lrr-2003-1}
}
@article{lrr-2010-7,
 title = {Tests of Gravity Using Lunar Laser Ranging},
 author = {Stephen M. Merkowitz},
 journal = {Living Reviews in Relativity},
 year = {2010},
 number = {7},
 volume = {13},
 keywords = {General relativity, Tests of relativity},
 url = {http://www.livingreviews.org/lrr-2010-7}
}
@book{choquet2008general,
 title = {General relativity and the Einstein equations},
 author = {Choquet-Bruhat, Y.},
 year = {2008},
 publisher = {Oxford University Press}
}
@article{princeton-gr,
 author = {Mihalis Dafermos},
 journal = {The Princeton companion to mathematics},
 publisher = {Princeton University Press},
 year = {2008},
 title = {General Relativity and the Einstein Equations},
 pages = {483--493},
 isbn = {9780691118802}
 }
book{particle,
 author = {Perkins, Donald},
 title = {Particle astrophysics},
 publisher = {Oxford University Press},
 year = {2009},
 isbn = {9780199545469}
 }
@book{hartle,
 author = {Hartle, J},
 title = {Gravity : an introduction to Einstein's general relativity},
 publisher = {Addison-Wesley},
 year = {2003},
 isbn = {9780805386622}
 }
@online{history,
 author = {O'Connor, J J and Robertson, E F},
 url = {http://www-history.mcs.st-and.ac.uk/HistTopics/General_relativity.html},
 title = {History of General Relativity}
 }
@article{lrr-2011-1,
 title = {Gravitational Waves from Gravitational Collapse},
 author = {Chris L. Fryer and Kimberly C.B. New},
 journal = {Living Reviews in Relativity},
 year = {2011},
 number = {1},
 volume = {14},
 keywords = {Gravitational collapse, Gravitational wave sources},
 url = {http://www.livingreviews.org/lrr-2011-1}
}
@article{lrr-2006-3,
 title = {The Confrontation between General Relativity and Experiment},
 author = {Clifford M. Will},
 journal = {Living Reviews in Relativity},
 year = {2006},
 number = {3},
 volume = {9},
 keywords = {tests of relativistic gravity, theories of gravity, post-Newtonian limit, gravitational radiation},
 url = {http://www.livingreviews.org/lrr-2006-3}
}
@book{lovelock,
 title = {Tensors, differential forms, and variational principles},
 author = {Lovelock, David and Rund, Hanno},
 year = {1975},
 publisher = {Courier Dover Publications}
}
@book{woodhouse,
 title = {General Relativity},
 author= {N.M.J. Woodhouse},
 year = {2006},
 publisher = {Springer}
}
@article{ashby2,
 title = {Relativistic Effects in the Global Positioning System},
 author = {N. Ashby},
 year = {2006},
 url = {http://aapt.org/doorway/TGRU/articles/Ashbyarticle.pdf}
}
@book{mech,
 title = {Analytical mechanics},
 author = {Louis N Hand and Janet D Finch},
 publisher = {Cambridge University Press},
 isbn = {9780521573276},
 year = {1999}
}
@book{griffiths,
 title = {Introduction to electrodynamics},
 author = {David Griffiths},
 year = {1999},
 publisher = {Prentice Hall}
}
ï»¿@article{li,
 author = {Baojui Li},
 title = {Testing gravity on cosmological scales},
 journal = {Astronomy \& Geophysics},
 volume = {53},
 number = {4},
 publisher = {Blackwell Publishing Ltd},
 issn = {1468-4004},
 url = {http://dx.doi.org/10.1111/j.1468-4004.2012.53437.x},
 doi = {10.1111/j.1468-4004.2012.53437.x},
 pages = {4.37--4.41},
 year = {2012},
}
@article{lrr-2009-2,
 title = {Physics, Astrophysics and Cosmology with Gravitational Waves},
 author = {B.S. Sathyaprakash and Bernard F. Schutz},
 journal = {Living Reviews in Relativity},
 year = {2009},
 number = {2},
 volume = {12},
 keywords = {Data analysis, Gravitational wave sources, Gravitational wave detectors, Gravitational waves},
 doi = {10.12942/lrr-2009-2},
 url = {http://www.livingreviews.org/lrr-2009-2}
}
@article{lrr-2010-3,
 title = {f(R) Theories},
 author = {Antonio De Felice and Shinji Tsujikawa},
 journal = {Living Reviews in Relativity},
 year = {2010},
 number = {3},
 volume = {13},
 keywords = {modified gravity, f(R) gravity, inflation, dark energy, cosmological perturbations},
 doi = {10.12942/lrr-2010-3},
 url = {http://www.livingreviews.org/lrr-2010-3}
}
@article{poundrebka,
 title = {Gravitational Red-Shift in Nuclear Resonance},
 author = {Pound, R. V. and Rebka, G. A.},
 journal = {Phys. Rev. Lett.},
 volume = {3},
 issue = {9},
 pages = {439--441},
 year = {1959},
 month = {Nov},
 doi = {10.1103/PhysRevLett.3.439},
 url = {http://link.aps.org/doi/10.1103/PhysRevLett.3.439},
 publisher = {American Physical Society}
}